<record><leader>00000cas a22000007a 4500</leader><controlfield tag="001">15716982</controlfield><controlfield tag="008">870520d18791886inudn ne      0    0eng d</controlfield><datafield ind1=" " ind2=" " tag="010"><subfield code="a">sn 87055943 </subfield></datafield><datafield ind1=" " ind2=" " tag="040"><subfield code="a">NPI</subfield><subfield code="b">eng</subfield><subfield code="c">NPI</subfield><subfield code="d">OCLCQ</subfield></datafield><datafield ind1=" " ind2=" " tag="042"><subfield code="a">msc</subfield></datafield><datafield ind1="0" ind2=" " tag="130"><subfield code="a">Elkhart review (Elkhart, Ind. : Daily : 1879)</subfield></datafield><datafield ind1="1" ind2="0" tag="245"><subfield code="a">Elkhart review.</subfield></datafield><datafield ind1="3" ind2="0" tag="246"><subfield code="a">Elkhart daily review</subfield></datafield><datafield ind1=" " ind2=" " tag="260"><subfield code="a">Elkhart, Ind. :</subfield><subfield code="b">Chase &amp; Kent,</subfield><subfield code="c">1879-1886.</subfield></datafield><datafield ind1=" " ind2=" " tag="310"><subfield code="a">Daily (except Sun.)</subfield></datafield><datafield ind1="0" ind2=" " tag="362"><subfield code="a">Jan. 30, 1879-Dec. 18, 1886.</subfield></datafield><datafield ind1=" " ind2=" " tag="500"><subfield code="a">"Daily" above title ornament, &lt;Aug. 14, 1879&gt;-Aug. 11, 1885.</subfield></datafield><datafield ind1=" " ind2=" " tag="580"><subfield code="a">Also published in a weekly ed. called: Elkhart weekly review (Elkhart, Ind. : 1879).</subfield></datafield><datafield ind1=" " ind2=" " tag="588"><subfield code="a">Description based on: Aug. 14, 1879.</subfield></datafield><datafield ind1=" " ind2=" " tag="752"><subfield code="a">United States</subfield><subfield code="b">Indiana</subfield><subfield code="c">Elkhart</subfield><subfield code="d">Elkhart.</subfield></datafield><datafield ind1="1" ind2=" " tag="775"><subfield code="t">Elkhart weekly review (Elkhart, Ind. : 1879)</subfield><subfield code="w">(DLC)sn 87055946</subfield></datafield><datafield ind1="0" ind2="0" tag="780"><subfield code="t">Elkhart evening review</subfield><subfield code="w">(DLC)sn 84023911</subfield></datafield><datafield ind1="0" ind2="0" tag="785"><subfield code="t">Elkhart daily review</subfield><subfield code="w">(DLC)sn 87055941</subfield></datafield></record>